% This file was created with JabRef 2.10.
% Encoding: UTF-8

@ARTICLE{Pereverzev2005a,
  author = {Pereverzev, Yuriy V and Prezhdo, Oleg V and Forero, Manu and Sokurenko,
	Evgeni V and Thomas, Wendy E},
  title = {The two-pathway model for the catch-slip transition in biological
	adhesion},
  journal = {Biophys J},
  year = {2005},
  volume = {89},
  pages = {1446--1454},
  number = {3},
  longjournal = {Biophysical journal},
  publisher = {Elsevier}
}

@ARTICLE{Prezhdo2009a,
  author = {Prezhdo, Oleg V and Pereverzev, Yuriy V},
  title = {Theoretical aspects of the biological catch bond},
  journal = {Accounts Chem Res},
  year = {2009},
  volume = {42},
  pages = {693--703},
  number = {6},
  publisher = {ACS Publications}
}

@ARTICLE{Kim2010a,
  author = {Kim, Jongseong and Zhang, Cheng-Zhong and Zhang, Xiaohui and Springer,
	Timothy A},
  title = {A mechanically stabilized receptor-ligand flex-bond important in
	the vasculature},
  journal = {Nature},
  year = {2010},
  volume = {466},
  pages = {992--995},
  number = {7309},
  publisher = {Nature Publishing Group},
  ids = {Kim_MSB_2010}
}

@Article{Alexander-Katz2007,
  Title                    = {Surface-enhanced unfolding of collapsed polymers in shear flow},
  Author                   = {A. Alexander-Katz and R. R. Netz},
  Journal                  = {epl},
  Year                     = {2007},
  Pages                    = {18001},
  Volume                   = {80}
}

@Article{Alexander-Katz2006,
  Title                    = {Shear-Flow-Induced Unfolding of Polymeric Globules},
  Author                   = {Alexander-Katz, A. and Schneider, M. F. and Schneider, S. W. and Wixforth, A. and Netz, R. R.},
  Journal                  = {Phys. Rev. Lett.},
  Year                     = {2006},

  Month                    = {Sep},
  Pages                    = {138101},
  Volume                   = {97},

  Doi                      = {10.1103/PhysRevLett.97.138101},
  Issue                    = {13},
  Numpages                 = {4},
  Publisher                = {American Physical Society},
  Url                      = {http://link.aps.org/doi/10.1103/PhysRevLett.97.138101}
}

@Book{Allen_CSL_1991,
  Title                    = {Computer {S}imulation of {L}iquids},
  Author                   = {Allen, M. P. and Tildesley, D. J.},
  Publisher                = {Clarendon Press},
  Year                     = {1991},

  Address                  = {Oxford}
}

@Article{Padilla2004,
  Title                    = {P-selectin anchores newly released ultralarge von Willebrand factor multimers to the endothelial cell surface},
  Author                   = {Arnoldo Padilla, Joe L. Moake, Aubrey Bernardo et al},
  Journal                  = {Blood},
  Year                     = {2004},
  Pages                    = {2150},
  Volume                   = {103}
}

@Article{Savage1998,
  Title                    = {Specific Synergy of Multiple Substrate-Receptor Interactions in Pltelet Thrombus Formation and Flow},
  Author                   = {Brian Savage, F. Almus-Jacobs, and Z. M. Ruggeri},
  Journal                  = {Cell},
  Year                     = {1998},
  Pages                    = {657-666},
  Volume                   = {94}
}

@Article{Savage2002,
  Title                    = {Functional self-association of von Willebrand factor during platelt adhesion under flow},
  Author                   = {Brian Savage, Jan J. Sixman, and Zaverio M. Ruggeri},
  Journal                  = {PNAS},
  Year                     = {2002},
  Pages                    = {425-430},
  Volume                   = {99}
}

@Article{Dong2005,
  Title                    = {Cleavage of ultra-large von Willebrand factor by ADAMTS-13 nder flow conditions},
  Author                   = {J.-F. Dong},
  Journal                  = {Journal of Thrombosos and Haemostasis},
  Year                     = {2005},
  Pages                    = {1710-6},
  Volume                   = {3}
}

@Article{Espanol_SDPD_2003,
  Title                    = {Smoothed dissipative particle dynamics},
  Author                   = {Espa\~{n}ol, P. and Revenga, M.},
  Journal                  = {Phys. Rev. E},
  Year                     = {2003},
  Pages                    = {026705},
  Volume                   = {67}
}

@Book{Guyon2001,
  Title                    = {Physical Hydrodynamics},
  Author                   = {Etienne Guyon, Jean-Pierre Hulin, Luc Petit, Catalin D. Mitescu},
  Publisher                = {Oxford University press},
  Year                     = {2001}
}

@PhdThesis{Fedosov2010,
  Title                    = {Multiscale Modeling of Blood Flow and Soft Matter},
  Author                   = {Dmitry A. Fedosov},
  School                   = {Brown University},
  Year                     = {2010}
}

@Article{Furie2008,
  Title                    = {Mechanisms of Thrombus Formation},
  Author                   = {B. Furie and B. C. Furie},
  Journal                  = {The New Englanf Journal of medicine},
  Year                     = {2008},
  Pages                    = {938-49},
  Volume                   = {359}
}

@Article{Furie2005,
  Title                    = {Thrombus formation in vivo},
  Author                   = {B. Furie and B. C. Furie},
  Journal                  = {The Journal of Clinical INvestigations},
  Year                     = {2005},
  Pages                    = {3355},
  Volume                   = {115}
}

@Article{Furlan1996,
  Title                    = {Von Willebrand factor: molecular size anf functional activity},
  Author                   = {M. Furlan},
  Journal                  = {Ann Hematol},
  Year                     = {1996},
  Pages                    = {341-348},
  Volume                   = {72}
}

@Article{Groot1997,
  Title                    = {Dissipative particle dynamics: Bridging the gap between atomistic and mesoscopic simulation},
  Author                   = {Robert D. Groot and Patrick B. Warren},
  Journal                  = {J. Chem Phys.},
  Year                     = {1997},
  Pages                    = {4423},
  Volume                   = {107}
}

@Article{Hoogerbrugge1992,
  Title                    = {Simulating Microscopic Hydrodynamic Phenomena with Dissipative Particle Dynamics},
  Author                   = {P. J. Hoogerbrugge and J. M. V. A. Koelman},
  Journal                  = {Europhys. Lett.},
  Year                     = {1992},
  Pages                    = {155-160},
  Volume                   = {19}
}

@Article{Backer2005,
  Title                    = {Poiseuille flow to measure the viscosity of particle model fluids},
  Author                   = {J. A. Backer, C. P. Lowe, H. C. Hoefsloot, and P. D. Iedema},
  Journal                  = {J. Chem. Phys.},
  Year                     = {2005},
  Pages                    = {154503},
  Volume                   = {122}
}

@Article{Lei20113765,
  Title                    = {Time-dependent and outflow boundary conditions for Dissipative Particle Dynamics },
  Author                   = {Huan Lei and Dmitry A. Fedosov and George Em Karniadakis},
  Journal                  = {Journal of Computational Physics },
  Year                     = {2011},
  Number                   = {10},
  Pages                    = {3765 - 3779},
  Volume                   = {230},

  Doi                      = {http://dx.doi.org/10.1016/j.jcp.2011.02.003},
  ISSN                     = {0021-9991},
  Keywords                 = {No-slip},
  Url                      = {http://www.sciencedirect.com/science/article/pii/S0021999111000854}
}

@Article{Mueller_SDPD_2015,
  Title                    = {Smoothed dissipative particle dynamics with angular momentum conservation},
  Author                   = {M{\"u}ller, K. and Fedosov, D. A. and Gompper, G.},
  Journal                  = {Journal of Computational Physics},
  Year                     = {2015},
  Pages                    = {301--315},
  Volume                   = {281}
}

@Article{Messlinger2009,
  Title                    = {Dynamical regimes and hydrodynamic lift of viscous vesicles under shear},
  Author                   = {Me\ss{}linger, Sebastian and Schmidt, Benjamin and Noguchi, Hiroshi and Gompper, Gerhard},
  Journal                  = {Phys. Rev. E},
  Year                     = {2009},

  Month                    = {Jul},
  Pages                    = {011901},
  Volume                   = {80},

  Doi                      = {10.1103/PhysRevE.80.011901},
  Issue                    = {1},
  Numpages                 = {12},
  Publisher                = {American Physical Society},
  Url                      = {http://link.aps.org/doi/10.1103/PhysRevE.80.011901}
}

@Article{Maxwell2007,
  Title                    = {Identification 0f a 2-stage platelet aggregation process mediating shear-dependent thrombus formation},
  Author                   = {Mhairi J. Maxwell, Erik Westein, Warwick S. Nesbitt, Simon Giuliano, Sacha M. Dopheide, and Shaun P Jackson},
  Journal                  = {Blood},
  Year                     = {2007},
  Pages                    = {566},
  Volume                   = {109}
}

@Book{Pries2007,
  Title                    = {Blood Flow in Microvascular Networks},
  Author                   = {Axel R. Pries and Timothy W. Secomb},
  Year                     = {2007}
}

@Book{Schneppenheim2008,
  Title                    = {von Willebrand Disease and von Willebrand Factor. Current Aspects if Diagnosis and Treatement.},
  Author                   = {R. Schneppenheim, U. Budde},
  Publisher                = {UNI-MED Verlag},
  Year                     = {2008}
}

@Article{Reininger2008,
  Title                    = {Fumction of von Willebrand factor in haemostasis and thrombosis},
  Author                   = {A. J. Reininger},
  Journal                  = {Haemophilia},
  Year                     = {2008},
  Pages                    = {11-26},
  Volume                   = {14}
}

@Book{RobertSchmidt2011,
  Title                    = {Physiologie des Menschen},
  Author                   = {Robert F Schmidt, Florian Lang and Manfred Heckmann},
  Publisher                = {Springer Medizin Verlag},
  Year                     = {2011}
}

@Article{Schneider2007,
  Title                    = {Shear-induced unfolding triggers adhesion of von Willebrand factor fibers},
  Author                   = {S. W. Schneider, S. Nuschele, C Gorzellany, A. Alexander-Katz, R. R. Netz, and M. F. Schneider},
  Journal                  = {PNAS},
  Year                     = {2007},
  Pages                    = {7899-7903},
  Volume                   = {104}
}

@Article{Nesbitt2009,
  Title                    = {A shear gradient-dependent platelet aggregation mechanism drives thrombus formation},
  Author                   = {W. S. Nesbitt, E. Westein, F. J. Tovar-Lopez, E. Tolouei, A. Mitchell, J. Fu, J. Carberry, A. Fouras \& S. P. Jackson},
  Journal                  = {nature medicine},
  Year                     = {2009},
  Pages                    = {665},
  Volume                   = {6}
}

@Article{Ruggeri2006,
  Title                    = {Activation-independent platelet adhesion and aggregation under elevated shear stress},
  Author                   = {Zaverio M. Ruggeri, Jennifer N. Orje, Rolf Habermann, Augusto B. Ferici, and Armin J. Reininger},
  Journal                  = {Blood},
  Year                     = {2006},
  Pages                    = {1903},
  Volume                   = {108}
}

@comment{jabref-meta: selector_review:}

@comment{jabref-meta: selector_publisher:}

@comment{jabref-meta: selector_author:}

@comment{jabref-meta: selector_journal:}

@comment{jabref-meta: selector_keywords:}

